@InProceedings{Lengler2007,
  author =       {Ralph Lengler and Martin Eppler},
  title =        {Towards a Periodic Table of Visualization Methods for Management},
  booktitle = {Proceedings of the Conference on Graphics and Visualization in Engineering},
  year =      2007,
  number =    {I},
  address =   {Clearwater, Fl.}}

